00580cas a22002291a 4500
001 999285073502836
003 Nz
005 20161223152955.0
008 031223d1923uuuunz  r ne      0   0 eng d
035    $a (NLNZils)928507
035    $a (Nz)8142031
035    $a (NLNZils)928507-ilsdb
035    $a (OCoLC)173421168
040    $a WN $c WN
042    $a nznb
043    $a u-nz---
245 00 $a Everybody's weekly news.
260    $a [Napier, N.Z. : $b s.n., $c 1923-?]
310    $a Weekly
362 0  $a 1923?-?
651  0 $a Napier (N.Z.) $v Newspapers.
655  7 $a New Zealand newspapers. $2 local $5 Nz
